<?xml version="1.0" encoding="UTF-8"?><collection xmlns="http://www.loc.gov/MARC21/slim"><record><leader>00361nam--2200121-i-4500</leader><controlfield tag="001">000040353</controlfield><controlfield tag="002">20161230</controlfield><controlfield tag="005">20161230201042</controlfield><controlfield tag="008">060222s1000------------r-----000-0-eng-d</controlfield><datafield ind1=" " ind2=" " tag="100"><subfield code="a">Satterfield, Charles N. And Sherwood,Thomas K</subfield></datafield><datafield ind1=" " ind2=" " tag="245"><subfield code="a">The role of diffusion in catalysis</subfield></datafield><datafield ind1=" " ind2=" " tag="260"><subfield code="a">Reading/Mass.,Addison-wesley Publ.Co.,Inc.,1963. Vii + 118 P</subfield></datafield><datafield ind1=" " ind2=" " tag="852"><subfield code="a">22040</subfield></datafield></record></collection>